@book{zemansky,
	title={University Physics with Modern Physics},
	author={Young, H.D. and Freedman, R.A.},
	isbn={9781292314815},
	year={2019},
	publisher={Pearson Education}
}

@article{molina2004exponential,
  title={Exponential versus linear amplitude decay in damped oscillators},
  author={Molina, MI},
  journal={arXiv preprint physics/0407080},
  year={2004}
}
